{1:F01UNCRBGSFAXXX0000000000}{2:I940            N}{4:
:20:
:25:BG64UNCR70XYZXYZXYZXYZ
:28C:5/0
:60F:C190701EUR243,00
:61:1907010701D1,00NTRFNONREF//737FVRO19182354B
UNICREDIT BULBANK
:86:051?00Вътрешнобанков превод FC?20FOREIGN EXCHANGE?30UNCRBGSF?31BG
08UNCR70001523557004?32COMPANY_NAME LTD
:62F:C190701EUR242,00
-}${1:F01UNCRBGSFAXXX0000000000}{2:I940            N}{4:
:20:
:25:BG08UNCR70001XYZXYZXYZ
:28C:4/0
:60F:C190701BGN229,89
:61:1907010701C1,95NTRFNONREF//737FVRO19182354B
UNICREDIT BULBANK
:86:051?00Вътрешнобанков превод FC?20FOREIGN EXCHANGE?30UNCRBGSF?31BG
64UNCR70001523556869?32COMPANY_NAME LTD
:62F:C190701BGN231,84
-}
