:20:060731
:25:BG72BFTB76301003010616
:28:147
:60F:C060731BGN173691,09
:61:0607310731C338,00NMSC//000001          
:86:TBB+00ПРЕВОД ЗА БУЛБАНК Ф1460004654/26.07.2006\РЕЗЕРВНИ ЧАСТИ МАШИНИ +21Ф1460004654/26.07.2006 +30BFTBBGSF+31BG42BFTB76301077479705+32ФИРМА1 ООД 
:61:0607310731C99,96NMSC//000002          
:86:TBB+00ПОЛУЧЕН ПРЕВОД Ф.4483/18.07.06\ШЛАУХ +21Ф.4483/18.07.06 +30CBUNBGSF+31BG56CBUN91951000024580+32ФИРМА2 АД 
:61:0607310731C0,08NMSC//000003          
:86:TBB+00ПОЛУЧЕН ПРЕВОД Ф РА 1460001409/01022006\. +21Ф РА 1460001409/01022006 +30UBBSBGSF+31BG49UBBS82211010002018+32ФИРМА2 ООД
:61:0607310731C352,88NMSC//000004          
:86:TBB+00ПОЛУЧЕН ПРЕВОД Ф 2457/300306\. +21Ф 2457/300306 +30UBBSBGSF+31BG51UBBS84231010553617+32ФИРМА4 ЕООД 
:61:0607310731C307,77NMSC//000005          
:86:TBB+00ПОЛУЧЕН ПРЕВОД ПОР.80192890 Ф РИ1460004594 И 4489\И ДКИ 146000432+21ПОР.80192890 Ф РИ1460004594  И 4489 +30ACBPBG2P+31BG80ACBP75271040345810+32ФИРМА5 АД 
:62F:C060731BGN174789,78
:64:C060731BGN174789,78
-
:20:060731
:25:BG14BFTB76309099998099
:28:147
:60F:C060731BGN8691,42
:61:0607310731C67,60NMSC//000001          
:86:TBB+00ЗАВЕРЕНИЕ НА РАЗПЛАЩ. СМЕТКА ПРЕВОД ЗА БУЛБАНК\Ф.N.14600004654/26+21ПРЕВОД ЗА БУЛБАНК +30BFTBBGSF+31BG81BFTB76309075551050+32ФИРМА4 АД 
:61:0607310731C70,58NMSC//000002          
:86:TBB+00ПОЛУЧЕН ПРЕВОД Ф 2457/300306\. +21Ф 2457/300306 +30UBBSBGSF+31BG76UBBS80029065382210+32ФИРМА3 АД 
:62F:C060731BGN8829,60
:64:C060731BGN8829,60
-

